<?xml version="1.0" encoding="UTF-8"?><collection xmlns="http://www.loc.gov/MARC21/slim"><record><leader>00562nam--2200181-i-4500</leader><controlfield tag="001">000030895</controlfield><controlfield tag="002">20161230</controlfield><controlfield tag="005">20170102003602</controlfield><controlfield tag="008">060222s1000------------r-----000-0-eng-d</controlfield><datafield ind1=" " ind2=" " tag="080"><subfield code="a">519.6(061.3)</subfield></datafield><datafield ind1="1" ind2=" " tag="100"><subfield code="a">Samarski, Alexandr A</subfield><subfield code="e">ed</subfield></datafield><datafield ind1="1" ind2="0" tag="245"><subfield code="a">Mathematical models in physics and chemistry and numerical methods of their realization</subfield></datafield><datafield ind1=" " ind2=" " tag="260"><subfield code="a">Leipzig</subfield><subfield code="b">Bsb B.G.Teubner Verlagsgesellschaft</subfield><subfield code="c">1984</subfield></datafield><datafield ind1=" " ind2=" " tag="300"><subfield code="a">290 p</subfield></datafield><datafield ind1=" " ind2=" " tag="490"><subfield code="a">Teubner-Texte Zur Mathematik</subfield><subfield code="v">band 61</subfield></datafield><datafield ind1=" " ind2=" " tag="700"><subfield code="a">K©Łtai, Imre</subfield></datafield><datafield ind1=" " ind2=" " tag="852"><subfield code="a">70329</subfield><subfield code="c">517.9</subfield></datafield><datafield ind1=" " ind2=" " tag="CAT"><subfield code="a">SYS</subfield><subfield code="c">20170102</subfield><subfield code="h">003602</subfield></datafield></record></collection>